%
% BibTex Database
% ===========================================================================
% This is part of the document "Project documentation template".
% Authors: brd3, ldd1
%

@book{book:Mao,
   Author = {{Jean Jay Mao, Gerrut Norval, Paul Müller}},
   Title = {{The Use of Vehicle-Portable Scanners for Obtaining Morphological Data on Small- to Medium-sized Reptiles}},
   Publisher = {Herpetological Review},
   Year = {2009},
}

@book{book:Mott,
   Author = {{Cy L. Mott, Scott E. Albert, Michael A. Steffen, John M. Uzzardo}},
   Title = {{Assessment of ditital image analyses for use in wildlife research}},
   Publisher = {Wildlife Biology, NKV},
   Year = {2010},
}


	url = {http://ieeexplore.ieee.org/stamp/stamp.jsp?tp=&arnumber=5636501},
	note = "Abgerufen am 8. April 2015"
}


